@Article{article,
	author = "Author1 LastName1 and Author2 LastName2 and Author3 LastName3",
	title = "Article Title",
	volume = "30",
	number = "30",
	pages = "10127-10134",
	year = "2013",
	doi = "10.3389/fnins.2013.12345",
	URL = "http://www.frontiersin.org/Journal/10.3389/fnins.2013.12345/abstract",
	journal = "Frontiers in Neuroscience"
}

@book{book,
  author    = {Author Name}, 
  title     = {The title of the work},
  publisher = {The name of the publisher},
  address   = {The city},
  year      = 1993,
}

@incollection{chapter,
  author       = {Bauthor Surname}, 
  title        = {The title of the work},
  editor       = {Editor Name},
  booktitle    = {The title of the book},
  publisher    = {The name of the publisher},
  address      = {The city},
  year         = 2002,
  pages        = {201-213},
}

@InProceedings{conference,
  author = {Cauthor Name and Dauthor Surname and Fauthor LastName},
  title = {The title of the work},
  booktitle = {The title of the conference proceedings},
  year = 1996,
  publisher = {The name of the publisher},
  editor = {Editor Name1 and Editor Name2},
  pages = {41-50},
}

@book{cho,
  author       = {Gauthor Name1}, 
  title        = {The title of the work},
  publisher = {Country code and patent number},
  address      = {Patent Country},
  year = 2013
}

@book{patent,
  author    = {Hauthor Surname1}, 
  title     = {The title of the work},
  publisher = {Patent number},
  address   = {Patent country},
  year      = 2010,
}

% please use misc for datasets
@misc{dataset, 
	author = "Author1 LastName1 and Author2 LastName2 and Author3 LastName3",
	title = "Data Title",
	year = "2011",
	doi = "10.000/55555",
	URL = "http://www.frontiersin.org/",
}
%
%
@misc{RAE,
 author={RAE},
 title={REAL ACADEMIA española: Diccionario de la lengua española, consulta [23/09/2020]}, 
 year={2022},
 publisher={versión 23.3 en línea},
 howpublished={https://dle.rae.es},
 edition={23.ª ed.} 
}
%
%

@Article{REF2,
	author = "Cecilia Cuevas Arteaga and Montenegro, González and Carmen, del and Valladares, Guadalupe",
	title = "Importancia de un estudio de tiempos y movimientos",
	volume = "16",
	number = "39",
	year = "2020",
	doi = "https://doi.org/10.30973/inventio/2020.16.39/7",
	URL = "https://inventio.uaem.mx/index.php/inventio/article/view/28",
	journal = "Inventio"
}

@misc{REF4, title={11 tendencias del futuro del trabajo que ya aterrizaron en el presente del mundo laboral}, url={https://www.eleconomista.com.mx/capitalhumano/11-tendencias-del-futuro-del-trabajo-que-ya-aterrizaron-en-el-presente-del-mundo-laboral-20221213-0068.html}, journal={El Economista}, publisher={El Economista}, author={Hernández, Gerardo}, year={2022}, month={Dec} }

@misc{REF5, title={¿Cómo será el futuro del trabajo en México en 2024? Las tendencias que marcarán el sector de RRHH}, url={https://www.eleconomista.com.mx/empresas/Como-sera-el-futuro-del-trabajo-en-Mexico-en-2024-Las-tendencias-que-marcaran-el-sector-de-RRHH-20240325-0074.html}, journal={El Economista}, publisher={El Economista}, author={El Economista}, year={2024}, month={Mar} 
}
@book{REF6, title={INTRODUCCIÓN AL ESTUDIO DEL TRABAJO}, url={https://repositorio.espe.edu.ec/bitstream/21000/37609/1/Introduccion%20al%20estudio%20del%20trabajo.pdf}, author={Correa, Juan and De Métodos, Estudio and Trabajo, Del and Productividad, Y} }
@article{REF7, title={Estudio de Tiempos y Movimientos para Incrementar la Eficiencia en una Empresa de Producción de Calzado}, volume={30}, url={https://www.scielo.cl/scielo.php?script=sci_arttext&pid=S0718-07642019000300083}, DOI={https://doi.org/10.4067/s0718-07642019000300083}, number={3}, journal={Información tecnológica}, publisher={Centro de Informacion Tecnologica}, author={Andrade, Adrián M and Río, Del and Alvear, Daissy L}, year={2019}, month={Jun}, pages={83–94} }
@misc{REF8, title={6 tendencias laborales para observar en 2024}, url={https://es.weforum.org/agenda/2024/02/6-tendencias-laborales-para-seguir-en-2024/}, journal={Foro Económico Mundial}, author={Whiting, Kate}, year={2024}, month={Feb} }
@misc{REF9, url={https://revistas.ufps.edu.co/index.php/RC/article/view/2982/5301}, journal={Ufps.edu.co}, year={2024},author={Lilia Concepcion Rios Ramírez, Ivan Juan Carlos Pérez Olguin, Luis Pérez Domuínguez}
}
