@misc{GoA2015, 
	author = "Gobierno de Canarias",
	title = "Herramienta: Latex",
	year = "2015, 29 de Septiembre",
	URL = "https://www3.gobiernodecanarias.org/medusa/ecoescuela/recursosdigitales/2015/09/29/herrramienta-latex/",
}

@article{Pontificia2001,
  title={Modelos matem{\'a}ticos de optimizaci{\'o}n},
  author={Linares, Pedro and Ramos, Andr{\'e}s and S{\'a}nchez, Pedro and Sarabia, A and Vitoriano, Bego{\~n}a},
  journal={Madrid, Espa{\~n}a},
  year={2001}
}

@misc{RAE,
 author={RAE},
 title={REAL ACADEMIA española: Diccionario de la lengua española, consulta [06/04/2024]}, 
 year={2023},
 publisher={versión 23.3 en línea},
 howpublished={https://dle.rae.es},
 edition={23.ª ed.} 
}

@book{CircElec,
  author    = {J. A. Svoboda and R. C. Dorf}, 
  title     = {Circuitos eléctricos},
  publisher = {Alfaomega Grupo Editor S.A. de C.V.},
  address   = {México},
  year      = 2015,
  doi       = "978-607-622-362-8"
}

@book{EstTrabajo,
  author    = {B. W. Niebel and A. Freivalds}, 
  title     = {Ingeniería Industrial; Métodos, estándares y diseño del Trabajo},
  publisher = {McGraw-Hill Companies, Inc.},
  address   = {México},
  year      = 2009,
  doi       = "978-970-10-6962-2"
}

@misc{Indeed, 
	author = "Equipo editorial Indeed",
	title = "Habilidades de un analista de calidad",
	year = "2023, 22 de Junio",
	doi = "",
	URL = "https://mx.indeed.com/orientacion-profesional/como-encontrar-empleo/habilidades-analista-calidad",
}

@misc{Novatech, 
	author = "J. Samaniega",
	title = "Los retos que enfrentan la industria manufacturera hoy",
	year = "2021",
	doi = "",
	URL = "https://www.grupo-novatech.com/retos-que-enfrenta-la-industria-manufacturera-hoy-en-dia/",
}

