@book{Unidad1-06-12,
    author = {Nayelly},
    title = {12-06-2019},
    publisher = {El estudio continuo de tiempo},
    address = {España},
    year = 2019
}
@book{Diccionario-02-9,
    author = {Asale},
    title = {9-02-2023},
    publisher = {Predeterminar},
    address = {España},
    year = 2023
}
@book{UPIICSA-2021,
    author = {Alex Osterwalder},
    title = {25-08-2021},
    publisher = {Sistema de tiempos predeterminados},
    year = 2021
}
@book{freecodecamp-2021,
    author = {Obdulia Montiel},
    title = {09-01-2021},
    publisher = {Github},
    year = 2021
}
@book{TEOREMA-2022,
    author = {Martinez Eliberto},
    title = {24-06-2022} ,
    publisher = {Barcelona} ,
    year =  2022
}
@book{AXIOMA-2023,
    author = {Esteban U.},
    title = {29-05-23} ,
    publisher = {Mexico},
    year = 2023
}
@book{Enunciado-2023,
    author = {Giorgio, A.},
    title = {21-01-2023} ,
    publisher = {España},
    year = 2023
}
@book{ Empresa-2024,
    author = {Galan} ,
    title = {22-02-2024} ,
    publisher = {Definicion} ,
    year = 2024
}
