@Article{article,
	author = "Author1 LastName1 and Author2 LastName2 and Author3 LastName3",
	title = "Article Title",
	volume = "30",
	number = "30",
	pages = "10127-10134",
	year = "2013",
	doi = "10.3389/fnins.2013.12345",
	URL = "http://www.frontiersin.org/Journal/10.3389/fnins.2013.12345/abstract",
	journal = "Frontiers in Neuroscience"
}

@book{book,
  author    = {Author Name}, 
  title     = {The title of the work},
  publisher = {The name of the publisher},
  address   = {The city},
  year      = 1993,
}

@incollection{chapter,
  author       = {Bauthor Surname}, 
  title        = {The title of the work},
  editor       = {Editor Name},
  booktitle    = {The title of the book},
  publisher    = {The name of the publisher},
  address      = {The city},
  year         = 2002,
  pages        = {201-213},
}

@InProceedings{conference,
  author = {Cauthor Name and Dauthor Surname and Fauthor LastName},
  title = {The title of the work},
  booktitle = {The title of the conference proceedings},
  year = 1996,
  publisher = {The name of the publisher},
  editor = {Editor Name1 and Editor Name2},
  pages = {41-50},
}

@book{cho,
  author       = {Gauthor Name1}, 
  title        = {The title of the work},
  publisher = {Country code and patent number},
  address      = {Patent Country},
  year = 2013
}

@book{patent,
  author    = {Hauthor Surname1}, 
  title     = {The title of the work},
  publisher = {Patent number},
  address   = {Patent country},
  year      = 2010,
}

% please use misc for datasets
@misc{dataset, 
	author = "Author1 LastName1 and Author2 LastName2 and Author3 LastName3",
	title = "Data Title",
	year = "2011",
	doi = "10.000/55555",
	URL = "http://www.frontiersin.org/",
}
%
%
@misc{RAE,
 author={RAE},
 title={REAL ACADEMIA española: Diccionario de la lengua española, consulta [23/09/2020]}, 
 year={2022},
 publisher={versión 23.3 en línea},
 howpublished={https://dle.rae.es},
 edition={23.ª ed.} 
}
%
%
@article{parra2020analisis,
  title={An{\'a}lisis de tiempos y movimientos en el proceso de producci{\'o}n de vapor de una empresa generadora de energ{\'\i}as limpias},
  author={Parra, D Bello and Murrieta Dom{\'\i}nguez, F and Cortes Herrera, CA},
  journal={Ciencia administrativa},
  volume={2020},
  number={1},
  pages={1--9},
  year={2020}
}
           
  @article{arteaga2020importancia,
  title={Importancia de un estudio de tiempos y movimientos},
  author={Arteaga, Cecilia Cuevas and Montenegro, Yoshi {\'A}ngel Gonz{\'a}lez and Salazar, Mar{\'\i}a del Carmen Torres and Cisneros, Mar{\'\i}a Guadalupe Valladares},
  journal={Inventio},
  volume={16},
  number={39},
  pages={1--5},
  year={2020}
}

@book{thomas2007principios,
  title={Principios de circuitos el{\'e}ctronicos},
  author={THOMAS, FLOYD},
  year={2007},
  publisher={Pearson Educaci{\'o}n}
}

@book{niebel1980ingenieria,
  title={Ingenier{\'\i}a industrial},
  author={Niebel, Benjam{\'\i}n W and Ballesteros, Oscar Rodriguez and Diaz, Dolores Garcia},
  year={1980},
  publisher={Representaciones y servicios de ingenier{\'\i}a}
}
@article{vidalesaplicacion,
  title={APLICACI{\'O}N Y OPTIMIZACION DE RECURSOS},
  author={VIDALES, MARTHA LETICIA CORTINA},
  year ={2016},
journal = "PROGRAMA DE INGENIERÍA INDUSTRIAL"
}
}@article{navarro2006estandarizacion,
  title={Estandarizaci{\'o}n de las operaciones productivas en la l{\'\i}nea de limas en la empresa Andina de Herramientas SA utilizando el m{\'e}todo de tiempos predeterminados MTM},
  author={Navarro Romero, Diana Mar{\'\i}a and Bejarano Rivera, Juan Manuel and others},
  year={2006},
  publisher={Universidad Aut{\'o}noma de Occidente},
journal={Universidad Aut{\'o}noma de Occidente}
}
@article{peemans1992revoluciones,
  title={Revoluciones industriales, modernizaci{\'o}n y desarrollo},
  author={Peemans, Jean-Philippe},
  journal={Historia cr{\'\i}tica},
  number={6},
  pages={15--33},
  year={1992}
}@misc{ELECONOMISTA,
author={Roberto Morales},
 title={México asciende dentro el top 10 de exportadores de manufacturas en el 2022}, 
 year={2022},
 publisher={versión 23.3 en línea},
 howpublished={https://www.eleconomista.com.mx/empresas/Mexico-asciende-dentro-el-top-10-de-exportadores-de-manufacturas-en-el-2022-20230803-0145.html},
 edition={-} 
}
