@Article{article,
	author = "Author1 LastName1 and Author2 LastName2 and Author3 LastName3",
	title = "Article Title",
	volume = "30",
	number = "30",
	pages = "10127-10134",
	year = "2013",
	doi = "10.3389/fnins.2013.12345",
	URL = "http://www.frontiersin.org/Journal/10.3389/fnins.2013.12345/abstract",
	journal = "Frontiers in Neuroscience"
}

@book{book,
  author    = {Author Name}, 
  title     = {The title of the work},
  publisher = {The name of the publisher},
  address   = {The city},
  year      = 1993,
}

@incollection{chapter,
  author       = {Bauthor Surname}, 
  title        = {The title of the work},
  editor       = {Editor Name},
  booktitle    = {The title of the book},
  publisher    = {The name of the publisher},
  address      = {The city},
  year         = 2002,
  pages        = {201-213},
}

@InProceedings{conference,
  author = {Cauthor Name and Dauthor Surname and Fauthor LastName},
  title = {The title of the work},
  booktitle = {The title of the conference proceedings},
  year = 1996,
  publisher = {The name of the publisher},
  editor = {Editor Name1 and Editor Name2},
  pages = {41-50},
}

@book{cho,
  author       = {Gauthor Name1}, 
  title        = {The title of the work},
  publisher = {Country code and patent number},
  address      = {Patent Country},
  year = 2013
}

@book{patent,
  author    = {Hauthor Surname1}, 
  title     = {The title of the work},
  publisher = {Patent number},
  address   = {Patent country},
  year      = 2010,
}

% please use misc for datasets
@misc{dataset, 
	author = "Author1 LastName1 and Author2 LastName2 and Author3 LastName3",
	title = "Data Title",
	year = "2011",
	doi = "10.000/55555",
	howpublished = "http://www.frontiersin.org/",
}
%
%
@misc{RAE,
 author={RAE},
 title={REAL ACADEMIA española: Diccionario de la lengua española, consulta [23/09/2020]}, 
 year={2022},
 publisher={versión 23.3 en línea},
 howpublished={https://dle.rae.es},
 edition={23.ª ed.} 
}

@article{de2001real,
  title={Real academia espa{\~n}ola},
  author={De la Lengua Espa{\~n}ola, Diccionario},
  year={2001}
}
@book{niebel1980ingenieria,
  title={Ingenier{\'\i}a industrial},
  author={Niebel, Benjam{\'\i}n W and Ballesteros, Oscar Rodriguez and Diaz, Dolores Garcia},
  year={1980},
  publisher={Representaciones y servicios de ingenier{\'\i}a}
}
@misc{DanielGrifol,
	author={Daniel Grifol},
	title={ MTM: Medida de Tiempo de los Métodos },
	year={2014},
	howpublished = {https://danielgrifol.es/mtm-medida-de-tiempo-de-los-metodos/}
}
@misc{Dlsi,
	author = {Sergio Luján Mora},
	title = {Herramientas para la investigación: 4 ¿Qué es LaTeX?},
	year = {2024},
	howpublished = {https://desarrolloweb.dlsi.ua.es/cursos/2015/herramientas-investigacion/que-es-latex}
}

@misc{Platzi,
	author = "Anonimo",
	title = "Qué es GitHub y cómo usarlo para aprovechar sus beneficios",
	year = "2024",
	howpublished = "https://platzi.com/blog/que-es-github-como-funciona/#:~:text=Comparte%20en%3A,control%20de%20versiones%20llamado%20Git."
}
@misc{Microsoft,
	author = "Microsoft",
	title = "¿Qué es Git? - Azure DevOps",
	year = "2023",
	howpublished = "https://learn.microsoft.com/es-es/devops/develop/git/what-is-git"
}
@misc{OpenWebinars.net,
	author = "Frankier Flores",
	title = "Qué es Visual Studio Code y qué ventajas ofrece",
	year = "2022",
	howpublished = "https://openwebinars.net/blog/que-es-visual-studio-code-y-que-ventajas-ofrece/"
}
@article{labarca2007consideraciones,
  title={Consideraciones te{\'o}ricas de la competitividad empresarial},
  author={Labarca, Nelson},
  journal={Omnia},
  volume={13},
  number={2},
  pages={158--184},
  year={2007},
  publisher={Universidad del Zulia}
} %referencia de justificacion%

@article{padilla2006instrumento,
  title={Instrumento de medici{\'o}n de la competitividad},
  author={Padilla, Ram{\'o}n},
  journal={M{\'e}xico: Cepal},
  year={2006}
}
@article{casar1993competitividad,
  title={La competitividad de la industria manufacturera mexicana. 1980-1990},
  author={Casar, Jos{\'e} I},
  journal={El trimestre econ{\'o}mico},
  pages={113--183},
  year={1993},
  publisher={JSTOR}
}
@misc{CaixaBank, 
	author =  "CaixaBank Researc",
	title = "¿Qué está pasando con la industria en el mundo",
	year = "2023",
	howpublished = "https://www.caixabankresearch.com/es/analisis-sectorial/industria/pasando-industria-mundo",
}

@misc{JessicaIgnot, 
	author =  "Jessica Ignot",
	title = "¿Sabes cuántos parques industriales hay en Querétaro?",
	year = "2024",
	howpublished = "https://aldialogo.mx/dialogo-queretaro/2023/11/06/sabes-cuantos-parques-industriales-hay-en-queretaro/",
}
@misc{Fluke, 
	author =  "Fluke",
	title = " ¿Qué es la resistencia?",
	year = "2016",
	howpublished = "https://www.fluke.com/es-mx/informacion/blog/electrica/que-es-la-resistencia",
}

@misc{Mateo, 
	author =  "Mateo Millman",
	title = "Conectores DuPont y “DuPont”, y cómo engarzarlos correctamente",
	year = "2021",
	howpublished = "https://www.mattmillman.com/info/crimpconnectors/dupont-and-dupont-connectors/",
}

@misc{‌Euroinnova, 
	author =  "‌Euroinnova Business School",
	title = "Que es el blanco de líneas",
	year = "2023",
	url = "https://www.euroinnova.mx/blog/que-es-el-balanceo-de-lineas#definicion-de-balanceo-de-linea",
}

	    @misc{83520408, 
author = {  Domínguez Domínguez Jorge}, 
title = { Optimización simultánea para la mejora continua y reducción de costos en procesos },
year = { 2006 }, 
journal = { Ingeniería y Ciencia },
keywords = { diseños de experimentos;  modelos;  función de pérdida;  optimización multirespuesta;  método gráfico; designs of experiments;  models;  loss function;  optimizationmultiresponse;  graphic method },
issn = { 1794-9165 },
language = {Español},
url = {https://www.redalyc.org/articulo.oa?id=83520408 },  }    	

@misc{‌23, 
	author =  "‌Bloger",
	title = "Tema IV Datos Estándar y Propósito de los Estándares de Tiempos",
	year = "2024",
	howpublished = "https://iiestudiodetrabajo.blogspot.com/2018/11/tema-iv-datos-estandar-y-proposito-de.html",
}

@misc{rouhiainen2018inteligencia,
  title={Inteligencia artificial},
  author={Rouhiainen, Lasse},
  journal={Madrid: Alienta Editorial},
  pages={20--21},
  year={2018}
}

@misc{sanchez2015analisis,
  title={An{\'a}lisis del proceso productivo de una empresa de confecciones: modelaci{\'o}n y simulaci{\'o}n},
  author={S{\'a}nchez, Paola A and Ceballos, Fernando and S{\'a}nchez Torres, Germ{\'a}n},
  journal={Ciencia e ingenieria neogranadina},
  volume={25},
  number={2},
  pages={137--150},
  year={2015},
  publisher={Universidad Militar Nueva Granada}
}




%‌‌
%
%
%
