@Article{article,
	author = "Author1 LastName1 and Author2 LastName2 and Author3 LastName3",
	title = "Article Title",
	volume = "30",
	number = "30",
	pages = "10127-10134",
	year = "2013",
	doi = "10.3389/fnins.2013.12345",
	URL = "http://www.frontiersin.org/Journal/10.3389/fnins.2013.12345/abstract",
	journal = "Frontiers in Neuroscience"
}

@book{book,
  author    = {Author Name}, 
  title     = {The title of the work},
  publisher = {The name of the publisher},
  address   = {The city},
  year      = 1993,
}

@incollection{chapter,
  author       = {Bauthor Surname}, 
  title        = {The title of the work},
  editor       = {Editor Name},
  booktitle    = {The title of the book},
  publisher    = {The name of the publisher},
  address      = {The city},
  year         = 2002,
  pages        = {201-213},
}

@InProceedings{conference,
  author = {Cauthor Name and Dauthor Surname and Fauthor LastName},
  title = {The title of the work},
  booktitle = {The title of the conference proceedings},
  year = 1996,
  publisher = {The name of the publisher},
  editor = {Editor Name1 and Editor Name2},
  pages = {41-50},
}

@book{cho,
  author       = {Gauthor Name1}, 
  title        = {The title of the work},
  publisher = {Country code and patent number},
  address      = {Patent Country},
  year = 2013
}

@book{patent,
  author    = {Hauthor Surname1}, 
  title     = {The title of the work},
  publisher = {Patent number},
  address   = {Patent country},
  year      = 2010,
}

% please use misc for datasets
@misc{dataset, 
	author = "Author1 LastName1 and Author2 LastName2 and Author3 LastName3",
	title = "Data Title",
	year = "2011",
	doi = "10.000/55555",
	URL = "http://www.frontiersin.org/",
}
%
%
@misc{RAE,
 author={RAE},
 title={REAL ACADEMIA española: Diccionario de la lengua española, consulta [23/09/2020]}, 
 year={2022},
 publisher={versión 23.3 en línea},
 howpublished={https://dle.rae.es},
 edition={23.ª ed.} 
}
%
%
@book{meyers2000estudios,
  title={Estudios de tiempos y movimientos},
  author={Meyers, Fred E},
  year={2000},
  publisher={Pearson educaci{\'o}n}
}
%
%
@book{CircuitosEléctricosyElectrónicos,
  title={CircuitosEléctricosyElectrónicos},
  author={Jorge Raúl Villaseñor Gómez},
  year={2011},
  publisher={Pearson educaci{\'o}n}
}
%
%
@misc{IGN,
 author={Instituto Geográfico Nacional},
 title={Las revoluciones industriales}, 
 year={2024},
 publisher={Página web},
 howpublished={https://www.ign.es/espmap/figuras\_industria\_bach/pdf/Industria\_Fig\_01\_texto.pd},
 edition={1ª ed.} 
}
%
%
@misc{IndustriasManufactureras,
 author={Gobierno de México},
 title={Industrias Manufactureras: Salarios, producción, inversión ...}, 
 year={2024},
 publisher={Página web},
 howpublished={https://www.economia.gob.mx/datamexico/es/profile/industry/manufacturing:~:text=En%202019%2C%20Industrias%20Manufactureras%20registr%C3%B3,y%20Iztapalapa%20(7.39k).},
 edition={1ª ed.} 
}
%
%
@misc{INEGI,
 author={Instituto Nacional de Estadística y Geografía},
 title={Industria manufacturera - Economía - Cuéntame de México}, 
 year={2024},
 publisher={Página web},
 howpublished={https://cuentame.inegi.org.mx/economia/secundario/manufacturera/default.aspx?tema=e},
 edition={1ª ed.} 
}
%
%
@Article{FromScientificManagementtoHomemaking,
	author = "Krenn, M. and Lillian M. Gilbreth",
	title = "From scientific management to homemaking: Lillian M. Gilbreth’s contributions to the development of management thought",
	volume = "6",
	number = "2",
	pages = "145-161",
	year = "2011",
	doi = "10.1177/1744935910397035",
	URL = "https://journals.sagepub.com/doi/10.1177/1744935910397035",
	journal = "Sage Journals"
}
%
%
@misc{YellowBelt,
 author={Lean Six Sigma Institute},
 title={Manual de Lean Yellow Belt}, 
 year={2014},
 publisher={I.C.G. Marge, S.L.},
 howpublished={https://internationalleansixsigma.org/},
 edition={1ª ed.} 
}
%
%
@Article{Estudiodetiemposymovimientos,
	author = "ARTEAGA, Cecilia Cuevas",
	title = "Importancia de un estudio de tiempos y movimientos",
	volume = "16",
	number = "29",
	pages = "1-5",
	year = "2020",
	doi = " https://doi.org/10.30973/inventio/2020.16.39/7",
	URL = "https://inventio.uaem.mx/index.php/inventio/article/view/28",
	journal = "Inventio"
}
%
%
@misc{Ensamble, 
title={Diccionario de la lengua española RAE - ASALE}, 
url={https://dle.rae.es/ensamblar}, 
journal={“Diccionario de la lengua española” - Edición del Tricentenario}, 
author={ASALE, RAE and RAE},
year={2023}
}
%
%
@misc{Circuitoelectrónico, 
title={Circuitos eléctricos}, 
url={ https://www.fundacionendesa.org/es/educacion/endesa-educa/recursos/elementos-circuito-electrico}, 
journal={Endesa},
publisher={Endesa}, 
author={Fundación Endesa}, 
year={2024}
}
%
%
@misc{Optimización,
 author={colaboradores de Wikipedia},
 title={Optimización (matemática). Wikipedia, la Enciclopedia Libre}, 
 year={2024},
 publisher={Página web},
 howpublished={https://es.wikipedia.org/wiki/Optimizaci%C3%B3n_(matem%C3%A1tica)}
}
%
%
@misc{Métododetiempospredeterminados, 
title={Técnicas Utilizadas para el Estudio de Tiempos: un Análisis Comparativo}, 
url={https://dialnet.unirioja.es/descarga/articulo/7291331.pdf}, 
journal={CULCyT//Estudio de Tiempos}, 
author={M.C.Lázaro Rico. M.C. Aide Maldonado. M.C.Maria Teresa Escobedo. Dr Jorge de la Riva R}, 
year={2005}, 
month={Noviembre–Diciembre}
}
%
%
@misc{TecNmCampusQuerétaro,
title={TecNM Campus Querétaro – Ciencia y Tecnología}, 
url={https://queretaro.tecnm.mx/}, 
journal={Tecnm.mx}, 
author={Tecnológico Nacional de México Campus Querétaro},
year={2024}, 
month={Mayo} 
}
%
%
@misc{Fundamentaciónteórica,
title={Estudio de Tiempos y Movimientos para Incrementar la Eficiencia en una Empresa de Producción de Calzado}, 
url={https://www.scielo.cl/scielo.php?pid=S0718-07642019000300083&script=sci_arttext}, 
journal={Información tecnológica}, 
author={Andrade A. M., A Del Río, C. & Alvear D. L.},
year={2019}, 
month={Junio} 
}
%
%
@misc{STP,
 author={IPN},
 title={GENERALIDADES SISTEMAS DE TIEMPOS PREDETERMINADOS}, 
 year={2024},
 publisher={Página web},
 howpublished={https://www.sites.upiicsa.ipn.mx/polilibros/terminados/aspii/POLILIBRO/2%20PORTAL/PRACTICA%208/GENERALIDADES8.htm},
}
%
%
@misc{Muestreodetrabajo,
 author={Ing. Julio Salas Bacalla},
 title={Muestreo de trabajo}, 
 year={2024},
 publisher={Página web}
}
%
%
@misc{Balanceodelíneas, 
title={Balanceo de línea de producción ¿Cuándo se necesita?}, 
url={https://blog.boltronic.com.mx/balanceo-de-linea#:~:text=El%20balanceo%20de%20l%C3%ADnea%20ayudar%C3%A1,para%20completar%20el%20engranaje%20final.}, 
journal={Boltronic.com.mx}, 
author={Boltronic, Blog }, 
year={2024} 
}
%
%
@misc{Datosestándarcontinuosydiscretos,
 author={Narvaez, M.},
 title={Diferencia entre datos discretos y continuos}, 
 year={2023},
 journal={QuestionPro},
 howpublished={https://www.questionpro.com/blog/es/datos-continuos-y-discretos/} 
}
%
%
@misc{Tiempociclo,
 author={Lauri, K. H.},
 title={¿Qué es el tiempo de ciclo en el proceso de fabricación?}, 
 year={2023},
 journal={MRPeasy Blog. Blog Para Fabricantes y Distribuidores.},
 howpublished={https://www.mrpeasy.com/blog/es/tiempo-de-ciclo/:~:text=El%20tiempo%20de%20ciclo%20es,una%20etapa%20de%20su%20producci%C3%B3n.} 
}
%
%
@misc{Tiempoestándar,
 author={Administrador.},
 title={Cálculo del tiempo estándar en el proceso de producción.}, 
 year={2024},
 journal={Resultae.},
 howpublished={https://resultae.com/mejora-de-la-productividad/calculo-del-tiempo-estandar/:~:text=El%20tiempo%20est%C3%A1ndar%20se%20define,trabajando%20a%20una%20velocidad%20normal.} 
}
