@Article{article,
	author = "Author1 LastName1 and Author2 LastName2 and Author3 LastName3",
	title = "Article Title",
	volume = "30",
	number = "30",
	pages = "10127-10134",
	year = "2013",
	doi = "10.3389/fnins.2013.12345",
	URL = "http://www.frontiersin.org/Journal/10.3389/fnins.2013.12345/abstract",
	journal = "Frontiers in Neuroscience"
}

@book{book,
  author    = {Author Name}, 
  title     = {The title of the work},
  publisher = {The name of the publisher},
  address   = {The city},
  year      = 1993,
}

@incollection{chapter,
  author       = {Bauthor Surname}, 
  title        = {The title of the work},
  editor       = {Editor Name},
  booktitle    = {The title of the book},
  publisher    = {The name of the publisher},
  address      = {The city},
  year         = 2002,
  pages        = {201-213},
}

@InProceedings{conference,
  author = {Cauthor Name and Dauthor Surname and Fauthor LastName},
  title = {The title of the work},
  booktitle = {The title of the conference proceedings},
  year = 1996,
  publisher = {The name of the publisher},
  editor = {Editor Name1 and Editor Name2},
  pages = {41-50},
}

@book{cho,
  author       = {Gauthor Name1}, 
  title        = {The title of the work},
  publisher = {Country code and patent number},
  address      = {Patent Country},
  year = 2013
}

@book{patent,
  author    = {Hauthor Surname1}, 
  title     = {The title of the work},
  publisher = {Patent number},
  address   = {Patent country},
  year      = 2010,
}

% please use misc for datasets
@misc{dataset, 
	author = "Author1 LastName1 and Author2 LastName2 and Author3 LastName3",
	title = "Data Title",
	year = "2011",
	doi = "10.000/55555",
	URL = "http://www.frontiersin.org/",
}
%
%
@misc{RAE,
 author={RAE},
 title={REAL ACADEMIA española: Diccionario de la lengua española, consulta [23/09/2020]}, 
 year={2022},
 publisher={versión 23.3 en línea},
 howpublished={https://dle.rae.es},
 edition={23.ª ed.} 
}

@book{Niebel,
  author    = {B. W. Niebel y A. Freivalds.}, 
  title     = {"Métodos, estándares y diseño del trabajo".},
  publisher = {Editorial McGraw-Hill.},
  address   = {SN},
  year      = 2010,
}

@book{Niebel3,
  author    = {Niebel, BenjaminW,. y Freivalds,Andris}, 
  title     = {"Métodos, estándares y diseño del trabajo".},
  publisher = {Editorial Alfaomega.},
  address   = {SN},
  year      = 2019,
}

@book{Peacock,
  author    = {Peacock, Walter Gillis, et al}, 
  title     = {"Emergency Management: Principles and Practice for Local Government." },
  publisher = {ICMA Publishing},
  address   = {SN},
  year      = 2013,
}


 
@Article{González,
	author = "González, A., & Pérez, M.",
	title = "Optimización de procesos de ensamblaje en la industria electrónica: Estudio de tiempos y movimientos",
	volume = "8",
	number = "2",
	pages = "45-58",
	year = "2020",
	doi = 0,
	URL = 0,
	journal = "Revista Internacional de Ingeniería de Producción"
}   
 

@book{Niebel2,
  author    = {Niebel, B. W., & Freivalds, A.}, 
  title     = {"Methods, Standards, and Work Design" },
  publisher = {McGraw-Hill, 12th ed.},
  address   = {SN},
  year      = 2003,
}

@book{karube,
  author    = {Karube, H., & Tamura, H.}, 
  title     = {"La Historia de la Ingeniería Industrial: En Japón y Alrededor del Mundo." },
  publisher = {CRC Press.},
  address   = {SN},
  year      = 1997,
}

@book{Maynard,
  author    = {Maynard, H. B., Stegemerten, W. A., & Schwab, J. A.}, 
  title     = { "Ingeniería Industrial, Manual de."},
  publisher = {Manual de Ingeniería Industrial de Maynard. McGraw-Hill.},
  address   = {SN},
  year      = 2000,
}

@book{bock,
  author    = {Böck, W., & Dost, F.}, 
  title     = { "Ingeniería Industrial y Ergonomía: Visiones, Conceptos, Métodos y Herramientas Homenaje al Profesor Holger Luczak." },
  publisher = { Springer Science & Business Media.},
  address   = {SN},
  year      = 2006,
}
@book{Groover,
  author    = {Groover, M. P. }, 
  title     = { "Principios de Automatización de Manufactura." },
  publisher = { McGraw-Hill.},
  address   = {SN},
  year      = 2015,
}

@book{Gutierrez ,
  author    = {Gutiérrez Pulido, H., & De la Vara Salazar, R.  }, 
  title     = { "Control Estadístico de Calidad y Seis Sigma." },
  publisher = { McGraw-Hill.},
  address   = {SN},
  year      = 2009,
}

@book{Mashuca ,
  author    = { Domínguez Machuca, J. A., & García Sabater, J. P.}, 
  title     = { "Introducción a la Gestión de Operaciones." },
  publisher = {  Editorial Club Universitario.},
  address   = {SN},
  year      = 2010,
}

@book{Pyzdek,
  author    = { Pyzdek, T., & Keller, P. A.}, 
  title     = { "The Six Sigma Handbook: A Complete Guide for Green Belts, Black Belts, and Managers at All Levels" },
  publisher = {   McGraw Hill Professional.},
  address   = {SN},
  year      = 2014,
}


  
 



