@Article{article,
	author = "Author1 LastName1 and Author2 LastName2 and Author3 LastName3",
	title = "Article Title",
	volume = "30",
	number = "30",
	pages = "10127-10134",
	year = "2013",
	doi = "10.3389/fnins.2013.12345",
	URL = "http://www.frontiersin.org/Journal/10.3389/fnins.2013.12345/abstract",
	journal = "Frontiers in Neuroscience"
}

@book{book,
  author    = {Author Name}, 
  title     = {The title of the work},
  publisher = {The name of the publisher},
  address   = {The city},
  year      = 1993,
}

@incollection{chapter,
  author       = {Bauthor Surname}, 
  title        = {The title of the work},
  editor       = {Editor Name},
  booktitle    = {The title of the book},
  publisher    = {The name of the publisher},
  address      = {The city},
  year         = 2002,
  pages        = {201-213},
}

@InProceedings{conference,
  author = {Cauthor Name and Dauthor Surname and Fauthor LastName},
  title = {The title of the work},
  booktitle = {The title of the conference proceedings},
  year = 1996,
  publisher = {The name of the publisher},
  editor = {Editor Name1 and Editor Name2},
  pages = {41-50},
}

@book{cho,
  author       = {Gauthor Name1}, 
  title        = {The title of the work},
  publisher = {Country code and patent number},
  address      = {Patent Country},
  year = 2013
}

@book{patent,
  author    = {Hauthor Surname1}, 
  title     = {The title of the work},
  publisher = {Patent number},
  address   = {Patent country},
  year      = 2010,
}

% please use misc for datasets
@misc{dataset, 
	author = "Author1 LastName1 and Author2 LastName2 and Author3 LastName3",
	title = "Data Title",
	year = "2011",
	doi = "10.000/55555",
	URL = "http://www.frontiersin.org/",
}
%
%
@misc{RAE,
 author={RAE},
 title={REAL ACADEMIA española: Diccionario de la lengua española, consulta [23/09/2020]}, 
 year={2022},
 publisher={versión 23.3 en línea},
 howpublished={https://dle.rae.es},
 edition={23.ª ed.} 
}

@misc{de_2004, 
title={Precisión},
url={https://es.wikipedia.org/wiki/Precisi%C3%B3n},
journal={Wikipedia.org}, publisher={Wikimedia Foundation, Inc.}, 
author={de, Colaboradores},
year={2004}, 
month={Nov} 
}

@misc{optimizacion,
title={Diccionario de la lengua española RAE - ASALE},
url={https://dle.rae.es/exacto},
journal={“Diccionario de la lengua española” - Edición del Tricentenario}, author={ASALE,RAE and RAE},
year={2023} 
}

‌
@misc{lópez_2020,
title={El estudio de tiempos y movimientos. Qué es,origen, objetivos y características},
url={https://www.gestiopolis.com/el-estudio-de-tiempos-y-movimientos/}, journal={gestiopolis},
author={López, Carlos},
year={2020},
month={Jun} }‌

@misc{rae_rae_2020,
title={Diccionario de la lengua española (2001) RAE - ASALE},
url={https://www.rae.es/drae2001/mover},
journal={“Diccionario esencial de la lengua española”},
author={RAE and RAE},
year={2020},
month={Jun} }

@misc{soto_2022,
title={Therbligs: qué son y cómo ayudan a mejorar la productividad turística},
url={https://www.andalucialab.org/blog/therbligs-productividad-turismo/}, journal={Andalucia Lab},
author={Soto, Marta},
year={2022},
month={Mar} }

@misc{westreicher_2021,
title={Muestreo},
url={https://economipedia.com/definiciones/muestreo.html},
journal={Economipedia},
author={Westreicher,
Guillermo},
year={2021},
month={Mar} }

@misc{representativo_definicion_babla_2024,
  title={Representativo - definición en español},
  url={https://es.bab.la/diccionario/espanol/representativo},
  journal={Es.bab.la},
  publisher={bab.la},
  year={2024}
}

@misc{asale_rae_2023,
title={Diccionario de la lengua española RAE - ASALE},
url={https://dle.rae.es/inferir}, 
journal={“Diccionario de la lengua española” - Edición del Tricentenario},
author={ASALE, RAE and RAE},
year={2023} }

‌
}


@article{marcelo_fabián_2024,
title={Optimización del Proceso de Ensamble de Rieles y Chasis de Vehículos en la Empresa METALTRONIC S.A. de la Ciudad de Quito.}, 
url={http://dspace.espoch.edu.ec/handle/123456789/2443},
DOI={http://dspace.espoch.edu.ec/handle/123456789/2443}, journal={Espoch.edu.ec}, 
publisher={Escuela Superior Politécnica de Chimborazo}, author={Marcelo, Luis and Fabián, Walter},
year={2024} }

‌@article{santiago_2024,
title={Desarrollo e implementación del trabajo estandarizado de la línea de producción en el ensamble de asientos para la empresa Domizil},
url={https://bibdigital.epn.edu.ec/handle/15000/1747},
DOI={https://doi.org/T-TPM%20/%200033},
journal={Epn.edu.ec},
publisher={QUITO/ EPN/ 2008},
author={Santiago, Carlos},
year={2024} }

‌

‌

‌
‌
%
%