@misc{optimizacion, 
title={Diccionario de la lengua española | Edición del Tricentenario},
url={https://dle.rae.es/optmizacion}, 
journal={“Diccionario de la lengua española” - Edición del Tricentenario}, 
author={ASALE, RAE and RAE},
year={2023} 
}

‌%
%
@misc{Exacto,
title={Diccionario de la lengua española RAE - ASALE}, 
url={https://dle.rae.es/exacto}, 
journal={“Diccionario de la lengua española” - Edición del Tricentenario}, author={ASALE, RAE and RAE}, 
year={2023} 
}

%
%
@misc{Estudiodetiempos, 
title={¿Sabes que son los estudios de tiempos y como pueden ayudar a ser tu línea de procesos más eficiente? }, 
url={https://es.linkedin.com/pulse/estudio-de-tiempos-en-la-industria-}, 
journal={Linkedin.com}, 
author={de, Ergonomics},
year={2021}, 
month={May} 
}

%
%
@misc{Estudiodemovimientos, 
title={Software del Sol}, 
url={https://www.sdelsol.com/glosario/estudio-de-tiempos-y-movimientos/#:~:text=El%20estudio%20de%20tiempos%20y,de%20cada%20operaci%C3%B3n%20sea%20mayor.}, 
journal={Sdelsol.com}, 
author={DELSOL, Software}, 
year={2019}, 
month={Feb} 
}

%
%
@misc{Ensamble, 
title={Diccionario de la lengua española RAE - ASALE}, 
url={https://dle.rae.es/ensamblar}, 
journal={“Diccionario de la lengua española” - Edición del Tricentenario}, 
author={ASALE, RAE and RAE},
year={2023}
}

%
%
@misc{Circuitoelectrico, 
title={¿Que es un circuito electrico?}, 
url={https://industriasgsl.com/blogs/blog/que-es-un-circuito-electrico}, 
journal={Industrias GSL},
publisher={Industrias GSL}, 
author={Alejandro Del Bosque}, 
year={2022},
month={Jun} 
}

%
%
@misc{Preciso, 
title={Preciso}, 
url={https://dle.rae.es/preciso}, 
journal={“Diccionario de la lengua española” - Edición del Tricentenario}, 
author={ASALE, RAE and RAE}, 
year={2023}, 
}

%
%
@misc{Manufactura, 
title={Types of Manufacturing Processes: A Detailed Guide}, 
url={https://www.deskera.com/blog/types-of-manufacturing-processes/}, 
journal={Deskera Blog.}, 
author={nalini}, 
year={2022}, 
}

%
%
@misc{Empresas, 
title={Manufacturing the future: The next era of global growth and innovation}, 
url={https://www.mckinsey.com/capabilities/operations/our-insights/the-future-of-manufacturing}, 
journal={En McKinsey & Company}, 
author={Manyika, J.}, 
year={2012}, 
}

%
%
@misc{Plan, 
title={FEMA}, 
url={https://www.fema.gov/}, 
journal={FEMA.gov}, 
author={Home}, 
year={s.f.}, 
}
%
%
@misc{5´s, 
title={Lean Production}, 
url={https://www.leanproduction.com/5s/#:~:text=5S%20is%20a%20five%2Dstep,lean%20production%20tools%20and%20processes}, 
journal={Lean Production}, 
author={What Is the 5S Methodology?}, 
year={s.f.}, 
}
%
%
@misc{Riesgo,
 author={CIIFEN},
 title={Definición de riesgo}, 
 year={s.f.},
 howpublished={https://ciifen.org/definicion-de-riesgo/},
}
%
%
@misc{Riesgos,
 author={Marquès, A. A.},
 title={Definición y tipos de riesgos empresariales}, 
 year={2020},
 howpublished={https://www.consultize.es/definicion-y-tipos-de-riesgos-empresariales/},
}
%
%
@misc{Tiempospredeterminados,
 author={M.C.Lázaro Rico},
 title={Técnicas Utilizadas para el Estudio de Tiempos: un Análisis Comparativo }, 
 year={s.f},
 howpublished={file:///C:/Users/David/Downloads/Dialnet-TecnicasUtilizadasParaElEstudioDeTiempos-7291331.pdf},
}
%
%
@misc{Sistemadetiempos,
 author={},
 title={SISTEMAS DE TIEMPOS PREDETERMINADOS}, 
 year={s.f},
 howpublished={https://www.sites.upiicsa.ipn.mx/polilibros/terminados/aspii/POLILIBRO/2%20PORTAL/PRACTICA%208/GENERALIDADES8.htm#:~:text=%C2%BFQu%C3%A9%20son%20los%20sistemas%20de,estudio%20de%20tiempos%20con%20cronometro.},
}
%
%
@misc{Muestreodetrabajo,
 author={},
 title={SISTEMAS DE TIEMPOS PREDETERMINADOS}, 
 year={s.f},
 howpublished={https://www.sites.upiicsa.ipn.mx/polilibros/terminados/aspii/POLILIBRO/2%20PORTAL/PRACTICA%207/GENERALIDADES7.htm},
}
%
%
@misc{Balanceodelineas,
 author={},
 title={Balanceo de linea}, 
 year={s.f},
 howpublished={https://www.sites.upiicsa.ipn.mx/polilibros/terminados/aspii/POLILIBRO/2%20PORTAL/PRACTICA%206/GENERALIDADES6.htm#:~:text=El%20Balanceo%20de%20L%C3%ADneas%20de,de%20esta%20manera%20las%20l%C3%ADneas},
}
%
%
@misc{Datosestandar,
 author={Escalante Lago},
 title={Datos estándar}, 
 year={2016},
 howpublished={https://libroweb.alfaomega.com.mx/book/842/free/data/presentacion/cap11.pdf},
}
%
%
@misc{Ecuacion,
 author={Asth, R. C},
 title={Ecuaciones: qué son, partes, tipos y ejemplos}, 
 year={2023},
 howpublished={https://www.significados.com/ecuacion/},
}
%
%
@misc{Lean,
 author={Oee, S.},
 title={Lean manufacturing. Sistemas OEE - Technology To Improve.}, 
 year={2023},
 howpublished={https://www.sistemasoee.com/lean-manufacturing/:~:text=El%20Lean%20Manufacturing%2C%20o%20tambi%C3%A9n,tipo%20de%20valor%20al%20proceso},
}
%
%
@misc{Sixsigma,
 author={Laoyan, S.},
 title={Todo lo que necesitas saber sobre Six Sigma [2024]}, 
 year={2024},
 howpublished={https://asana.com/es/resources/six-sigma},
}
%
%
@misc{Tecnologias,
 author={},
 title={7 tecnologías con las que debes contar para la automatización industrial}, 
 year={s.f.},
 howpublished={https://datision.com/blog/tecnologias-automatizacion-industrial/},
}
 