
@book{book,
  author    = {Groover, M. P}, 
  title     = {Groover, M. P. (1997). Fundamentos de manufactura moderna: materiales, procesos y sistemas.},
  publisher = {Pearson Educación},
  address   = {},
  year      = 1997,
@book{book,
  author    = {Groover, M. P}, 
  title     = {Groover, M. P. (1980). Introduccion al Estudio del trabajo},
  publisher = { Dirección general de George Kanawaty},
  address   = {},
  year      = 1997,
}
%
@misc{RAE,
 author={RAE},
 title={REAL ACADEMIA española: Diccionario de la lengua española, consulta [14/04/2024]}, 
 year={2024},
 publisher={versión 23.3 en línea},
 howpublished={https://dle.rae.es/estudio},
 edition={23.ª ed.} 
@misc{RAE,
 author={RAE},
 title={REAL ACADEMIA española: Diccionario de la lengua española, consulta [14/04/2024]}, 
 year={2024},
 publisher={versión 23.3 en línea},
 howpublished={https://dle.rae.es/tiempo},
 edition={23.ª ed.} 
@misc{RAE,
 author={RAE},
 title={REAL ACADEMIA española: Diccionario de la lengua española, consulta [14/04/2024]}, 
 year={2024},
 publisher={versión 23.3 en línea},
 howpublished={https://dle.rae.es/movimiento},
 edition={23.ª ed.} 
}
%
%
%