@article{navarro2006estandarizacion,
  title={Estandarizaci{\'o}n de las operaciones productivas en la l{\'\i}nea de limas en la empresa Andina de Herramientas SA utilizando el m{\'e}todo de tiempos predeterminados MTM},
  author={Navarro Romero, Diana Mar{\'\i}a and Bejarano Rivera, Juan Manuel and others},
  year={2006},
  publisher={Universidad Aut{\'o}noma de Occidente},
  journal={Universidad Aut{\'o}noma de Occidente}
}
@book{niebel1980ingenieria,
  title={Ingenier{\'\i}a industrial},
  author={Niebel, Benjam{\'\i}n W and Ballesteros, Oscar Rodriguez and Diaz, Dolores Garcia},
  year={1980},
  publisher={Representaciones y servicios de ingenier{\'\i}a}
}