@misc{RAE,
 author={RAE},
 title={REAL ACADEMIA española: Diccionario de la lengua española, consulta [23/09/2020]}, 
 year={2022},
 publisher={versión 23.3 en línea},
 howpublished={https://dle.rae.es},
 edition={23.ª ed.} 
}

@article{brys2019tesis,
  title={de Tesis con LATEX},
  author={Brys, Carlos},
  year={2019}
}

@misc{yúbalfernández_2019, 
title={Qué es Github y qué es lo que le ofrece a los desarrolladores}, 
url={https://www.xataka.com/basics/que-github-que-que-le-ofrece-a-desarrolladores}, 
journal={Xataka.com}, 
publisher={Xataka Basics}, 
author={Yúbal Fernández}, 
year={2019}, 
month={Oct} 
}

@misc{RAE2023, 
title={Diccionario de la lengua española RAE - ASALE}, 
url={https://dle.rae.es/an%C3%A1lisis}, 
journal={“Diccionario de la lengua española” - Edición del Tricentenario}, author={ASALE, RAE and RAE}, 
year={2023} 
}

@misc{asale_rae_2023, 
title={Diccionario de la lengua española RAE - ASALE}, 
url={https://dle.rae.es/sistema%20?m=form}, 
journal={“Diccionario de la lengua española” - Edición del Tricentenario}, author={ASALE, RAE and RAE}, 
year={2023} 
}

‌@article{navarro2006estandarizacion,
  title={Estandarizacion de las operaciones productivas en la linea de limas en la empresa Andina de Herramientas SA utilizando el metodo de tiempos predeterminados MTM},
  author={Navarro Romero, Diana Maria and Bejarano Rivera, Juan Manuel and others},
  year={2006},
  publisher={Universidad Aut{\'o}noma de Occidente}
}

@article{astigarraga2022se,
  title={!` Se puede entender c{\'o}mo funcionan Git y GitHub!},
  author={Astigarraga, Julen and Cruz-Alonso, Ver{\'o}nica},
  journal={Ecosistemas},
  volume={31},
  number={1},
  pages={2332--2332},
  year={2022}
}

@misc{asalerae2023,
title={Diccionario de la lengua española RAE - ASALE}, 
url={https://dle.rae.es/inferir%20?m=form}, 
journal={“Diccionario de la lengua española” - Edición del Tricentenario}, author={ASALE, RAE and RAE}, 
year={2023} 
}

@book{neira2006tecnicas,
  title={T{\'e}cnicas de medici{\'o}n del trabajo},
  author={Neira, Alfredo Caso},
  year={2006},
  publisher={FC editorial}
}

@article{freivalds2014ingenieria,
  title={Ingenier{\'\i}a industrial de Niebel},
  author={Freivalds, Andris and others},
  journal={libro},
  year={2014},
  publisher={Biblioteca Hern{\'a}n Malo Gonz{\'a}lez}
}
@misc{Optimización, 
title={Diccionario de la lengua española RAE - ASALE}, 
url={https://dle.rae.es/optimizaci%C3%B3n}, 
journal={“Diccionario de la lengua española” - Edición del Tricentenario}, 
author={ASALE, RAE and RAE}, 
year={2023} 
}
‌@misc{Ensamble, 
title={Diccionario de la lengua española RAE - ASALE}, 
url={https://dle.rae.es/ensamble}, 
journal={“Diccionario de la lengua española” - Edición del Tricentenario}, 
author={ASALE, RAE and RAE}, 
year={2023} 
}
@book{estudio_del_trabajo,
  title={ESTUDIO DEL TRABAJO},
  author={Roberto Garcia Criollo},
  year={2004},
  publisher={Mc Graw Hill}
}
%
%