@Article{article,
	author = "Author1 LastName1 and Author2 LastName2 and Author3 LastName3",
	title = "Article Title",
	volume = "30",
	number = "30",
	pages = "10127-10134",
	year = "2013",
	doi = "10.3389/fnins.2013.12345",
	URL = "http://www.frontiersin.org/Journal/10.3389/fnins.2013.12345/abstract",
	journal = "Frontiers in Neuroscience"
}

@book{book,
  author    = {Author Name}, 
  title     = {The title of the work},
  publisher = {The name of the publisher},
  address   = {The city},
  year      = 1993,
}

@incollection{chapter,
  author       = {Bauthor Surname}, 
  title        = {The title of the work},
  editor       = {Editor Name},
  booktitle    = {The title of the book},
  publisher    = {The name of the publisher},
  address      = {The city},
  year         = 2002,
  pages        = {201-213},
}

@InProceedings{conference,
  author = {Cauthor Name and Dauthor Surname and Fauthor LastName},
  title = {The title of the work},
  booktitle = {The title of the conference proceedings},
  year = 1996,
  publisher = {The name of the publisher},
  editor = {Editor Name1 and Editor Name2},
  pages = {41-50},
}

@book{cho,
  author       = {Gauthor Name1}, 
  title        = {The title of the work},
  publisher = {Country code and patent number},
  address      = {Patent Country},
  year = 2013
}

@book{patent,
  author    = {Hauthor Surname1}, 
  title     = {The title of the work},
  publisher = {Patent number},
  address   = {Patent country},
  year      = 2010,
}

% please use misc for datasets
@misc{dataset, 
	author = "Author1 LastName1 and Author2 LastName2 and Author3 LastName3",
	title = "Data Title",
	year = "2011",
	doi = "10.000/55555",
	URL = "http://www.frontiersin.org/",
}
%
%
@misc{RAE,
 author={RAE},
 title={REAL ACADEMIA española: Diccionario de la lengua española, consulta [09/03/2024]}, 
 year={2022},
 publisher={versión 23.3 en línea},
 howpublished={https://dle.rae.es},
 edition={23.ª ed.} 
}
%
%
@book{carlos2016ingenieria,
  title={Ingenier{\'\i}a de m{\'e}todos: movimientos y tiempos},
  author={Carlos, Luis and Acero, Palacios},
  year={2016},
  publisher={Ecoe ediciones}
}
%
%
@book{Maynards,
   author    = {Harold Maynard},
   title     = {Métodos de estudio de tiempos y movimientos},
   publisher = {McGraw-Hill Education},
   address   = {S/N},
   year      = 2001
 }

@misc{glossar_item24,
    title = {Ensablaje},
    howpublished = {Sitio web},
    author = {{Item24}},
    year = {s.f.},
    url = {https://glossar.item24.com/es/indice-de-glosario/articulo/item//ensamblaje-1.html}
}

@misc{fadesaing_circuitos,
    title = {Circuitos Electrónicos},
    howpublished = {Sitio web},
    author = {{Fadesaing}},
    year = {s.f.},
    url = {https://fadesaing.com/circuitos-electronicos/}
}

@misc{pozarica_uo_estudio_trabajo,
    title = {Estudio del Trabajo II},
    howpublished = {Sitio web},
    author = {{pozarica.uo.edu.mx}},
    year = {s.f.},
    url = {https://pozarica.uo.edu.mx/blog/estudio-del-trabajo-ii#:~:text=Los%20sistemas%20de%20tiempos%20predeterminados,o%20interacciones%20con%20otros%20movimientos.}
}

@misc{significados_optimizacion,
    title = {Optimización},
    howpublished = {Sitio web},
    author = {{Significados.com}},
    year = {s.f.},
    url = {https://www.significados.com/optimizacion/}
}

@misc{H.B.MAYNARD, 
    author = "H.B. Maynard and JL Schwab and GJ Stegemerten",
    title = "Methods-Time Measurement",
    year = "1948",
    URL = "https://en.wikipedia.org/wiki/Methods-time_measurement",
}

@misc{industrialrevolutions,
	author = "S/N",
	title = "Contribuciones de las Revoluciones Industriales al Desarrollo Tecnológico",
	year = "2024",
	URL = "https://example.com/industrial-revolutions",
}

@misc{sistema-tiempos-predeterminados,
    author = "Upiicsa",
    title = "Introducción al Sistema de Tiempos Predeterminados en la Optimización de un Ensamble Electrónico",
    year = "2022",
    URL = "https://www.sites.upiicsa.ipn.mx/polilibros/terminados/aspii/POLILIBRO/2%20PORTAL/PRACTICA%208/GENERALIDADES8.htm#:~:text=¿Qué%20son%20los%20sistemas%20de,estudio%20de%20tiempos%20con%20cronometro."
}

@misc{muestreo-trabajo,
    author = "UNMSM",
    title = "Introducción al Muestreo del ",
    year = "2022",
    URL = "https://sisbib.unmsm.edu.pe/bibvirtualdata/publicaciones/indata/vol3_n1/pdf/a10.pdf"
}

@misc{balanceo-procesos,
    author = "cronometras",
    title = "Introducción a la Corrección por Balanceo",
    year = "2022",
    URL = "https://cronometras.com/balanceo-de-lineas-optimizando-la-eficiencia-en-procesos-de-manufactura/#:~:text=El%20balanceo%20busca%20igualar%20los,continuo%20en%20el%20proceso%20productivo."
}

@misc{datos-estandar,
    author = "AfaOmega",
    title = "Introducción a los Datos Estándar Continuos y Discretos ",
    year = "2022",
    URL = "https://libroweb.alfaomega.com.mx/book/842/free/data/presentacion/cap11.pdf"
}

@misc{diseno-economico,
    author = "dcalahed",
    title = "Introducción al Diseño de la Forma Más Económica de Realizar el Trabajo",
    year = "2022",
    URL = "https://gc.scalahed.com/recursos/files/r161r/w24802w/Diseno_y_Medida_del_trabajo.pdf"
}

@misc{euroinnova2024,
    author = "Euroinnova",
    title = "¿Qué son los therbligs?",
    year = "2024",
    URL = "https://www.euroinnova.mx/blog/que-son-los-therbligs"
}

@misc{euroinnova_therbligs, 
	author = "Euroinnova Editorial Team",
	title = "¿Qué son los therbligs?",
	year = "2024",
	URL = "https://www.euroinnova.mx/blog/que-son-los-therbligs",
}

@misc{estudio_del_trabajo_ii, 
	author = "Estudio del Trabajo II",
	title = "Comentario",
	year = "2015",
	URL = "http://tareasingyaravi.blogspot.com/2015/09/comentario.html",
}

@misc{normalización, 
	author = "S/N",
	title = "Normalización ",
	year = "2015",
	URL = "http://normalizacion.com/2015/09/",
}
