@misc{optimizacion, 
title={Diccionario de la lengua española | Edición del Tricentenario},
url={https://dle.rae.es/optmizacion}, 
journal={“Diccionario de la lengua española” - Edición del Tricentenario}, 
author={ASALE, RAE and RAE},
year={2023} 
}

‌%
%
@misc{Exacto,
title={Diccionario de la lengua española RAE - ASALE}, 
url={https://dle.rae.es/exacto}, 
journal={“Diccionario de la lengua española” - Edición del Tricentenario}, author={ASALE, RAE and RAE}, 
year={2023} 
}

%
%
@misc{Estudiodetiempos, 
title={¿Sabes que son los estudios de tiempos y como pueden ayudar a ser tu línea de procesos más eficiente? Un estudio de tiempos es una técnica de medición del trabajo que se utiliza para poder establecer y definir el ritmo al que puede trabajar cualquier persona en una tarea específica, tomando en cuent}, 
url={https://es.linkedin.com/pulse/estudio-de-tiempos-en-la-industria-}, 
journal={Linkedin.com}, 
author={de, Ergonomics},
year={2021}, 
month={May} 
}

%
%
@misc{Estudiodemovimientos, 
title={Software del Sol}, 
url={https://www.sdelsol.com/glosario/estudio-de-tiempos-y-movimientos/#:~:text=El%20estudio%20de%20tiempos%20y,de%20cada%20operaci%C3%B3n%20sea%20mayor.}, 
journal={Sdelsol.com}, 
author={DELSOL, Software}, 
year={2019}, 
month={Feb} 
}

%
%
@misc{Ensamble, 
title={Diccionario de la lengua española RAE - ASALE}, 
url={https://dle.rae.es/ensamblar}, 
journal={“Diccionario de la lengua española” - Edición del Tricentenario}, 
author={ASALE, RAE and RAE},
year={2023}
}

%
%
@misc{Circuitoelectrico, 
title={¿Que es un circuito electrico?}, 
url={https://industriasgsl.com/blogs/blog/que-es-un-circuito-electrico}, 
journal={Industrias GSL},
publisher={Industrias GSL}, 
author={Alejandro Del Bosque}, 
year={2022},
month={Jun} 
}

%
%
@misc{Tiempospredeterminados, 
title={Tiempos predeterminados}, 
url={https://www.monografias.com/trabajos37/tiempos-predeterminados/tiempos-predeterminados}, 
journal={Monografias.com}, 
author={Escobedo, Teresa}, 
year={2006}, 
month={Aug}
}

‌
‌

‌

‌
‌
‌

‌
‌
‌
‌

‌