@Article{article,
	author = "Author1 LastName1 and Author2 LastName2 and Author3 LastName3",
	title = "Article Title",
	volume = "30",
	number = "30",
	pages = "10127-10134",
	year = "2013",
	doi = "10.3389/fnins.2013.12345",
	URL = "http://www.frontiersin.org/Journal/10.3389/fnins.2013.12345/abstract",
	journal = "Frontiers in Neuroscience"
}

@book{book,
  author    = {Benjamin W. Niebel
}, 
  title     = {Ingeniería industrial: métodos, estándares y diseno del trabajo},
  publisher = {Alfaomega},
  address   = {The city},
  year      = 2004,
}

@incollection{chapter,
  author       = {Bauthor Surname}, 
  title        = {The title of the work},
  editor       = {Editor Name},
  booktitle    = {The title of the book},
  publisher    = {The name of the publisher},
  address      = {The city},
  year         = 2002,
  pages        = {201-213},
}

@InProceedings{conference,
  author = {Cauthor Name and Dauthor Surname and Fauthor LastName},
  title = {The title of the work},
  booktitle = {The title of the conference proceedings},
  year = 1996,
  publisher = {The name of the publisher},
  editor = {Editor Name1 and Editor Name2},
  pages = {41-50},
}

@book{cho,
  author       = {Gauthor Name1}, 
  title        = {The title of the work},
  publisher = {Country code and patent number},
  address      = {Patent Country},
  year = 2013
}

@book{patent,
  author    = {Hauthor Surname1}, 
  title     = {The title of the work},
  publisher = {Patent number},
  address   = {Patent country},
  year      = 2010,
}

% please use misc for datasets
@misc{dataset, 
	author = "Author1 LastName1 and Author2 LastName2 and Author3 LastName3",
	title = "Data Title",
	year = "2011",
	doi = "10.000/55555",
	URL = "http://www.frontiersin.org/",
}
%
%
@misc{RAE,
 author={RAE},
 title={REAL ACADEMIA española: Diccionario de la lengua española, consulta [23/09/2020]}, 
 year={2022},
 publisher={versión 23.3 en línea},
 howpublished={https://dle.rae.es},
 edition={23.ª ed.} 
}
%
@misc{optimización,
title={Diccionario de la lengua española | Edición del Tricentenario},
url={https://dle.rae.es/optimizacion}, 
journal={“Diccionario de la lengua española” - Edición del Tricentenario}, author={ASALE, RAE and RAE},
year={2023} 
}

‌
%

@misc{estudio,
title={El estudio de tiempos y movimientos. Definición y objetivos gestiopolis}, 
url={https://www.gestiopolis.com/el-estudio-de-tiempos-y-movimientos/}, journal={Gestiopolis.com}, 
author={López, Carlos}, 
year={2020} 
}

‌@misc{metodología, 
title={Diccionario de la lengua española RAE - ASALE}, 
url={https://dle.rae.es/metodolog%C3%ADa}, 
journal={“Diccionario de la lengua española” - Edición del Tricentenario}, author={ASALE, RAE and RAE}, 
year={2023}
}

‌@misc{ensamblaje, 
title={Diccionario de la lengua española RAE - ASALE}, 
url={https://dle.rae.es/ensamblaje?m=form}, 
journal={“Diccionario de la lengua española” - Edición del Tricentenario}, author={ASALE, RAE and RAE}, 
year={2023}
}

‌