
@misc{RAE,
 author={RAE},
 title={REAL ACADEMIA española: Diccionario de la lengua española, consulta [23/09/2020]}, 
 year={2022},
 publisher={versión 23.3 en línea},
 howpublished={https://dle.rae.es},
 edition={23.ª ed.} 
}
%
%
@book{niebel1980ingenieria,
  title={Ingenier{\'\i}a industrial},
  author={Niebel, Benjam{\'\i}n W and Ballesteros, Oscar Rodriguez and Diaz, Dolores Garcia},
  year={1980},
  publisher={Representaciones y servicios de ingenier{\'\i}a}
}
@misc{mijacobs,
 author={mijacobs},
 title={¿Qué es Git? - Azure DevOps}, 
 year={2023},
 publisher={versión 23.3 en línea},
 howpublished={https://learn.microsoft.com/es-es/devops/develop/git/what-is-git},
 edition={3.ª ed.} 
}

@book{mohan2009electronica,
  title={Electronica de potencia},
  author={Mohan, Ned and ROBBINS, WILLIAMS and UNDELAND, TORE},
  year={2009},
  publisher={Mc Graw Hill}
}

@book{millahual2017arduino,
  title={Arduino-De Cero a Experto: Proyectos Practicos-Electronica, hardware y programacion},
  author={Millahual, Claudio P},
  year={2017},
  publisher={RedUsers}
}

@misc{carlet2018linear,
  title={configuración de los pines del lcd 16x2 y su funcionamiento},
  author = {Carlet, Claude y Mesnager},
  diario = {Transacciones IEEE sobre teoría de la información},
  volumen = {64},
  number= {4},
  pages= {3010--3017},
  year={2018},
  editor = {IEEE}
}

@misc{garcia2014implementación,
  title={Implementación de analizadores de protocolos de comunicaciones spi, i2c},
  author={García, Salvador Cristina},
  year={2014},
  school={Tesis de pregrado). Universidad Carlos III de Madrid. https://earchivo.uc3m}
}

@misc{montero2003fabricacion,
  title={Fabricacion de un cable de conexion para comunicar un pc y una estacion meteorologica WMR-928 de Oregon Scientific},
  author={Montero Gil, Alberto},
  year={2003},
  publisher={Meteored}
}

@misc{dessimoni2023solar,
  title={UN SEGUIDOR SOLAR CON ARDUINO PARA LA ENSEÑANZA DE ENERGÍA FOTOVOLTAICA MEDIANTE APRENDIZAJE BASADO EN PROYECTOS},
  author={Dessimoni K. y Rozario},
  booktitle={Actas de ICERI2023},
  páginas = {4080--4086},
  año={2023},
  organización={IADO}
}

@misc{moreno2018demostrador,
  title={Demostrador arquitectura publicar/suscribir con MQTT},
  author={Moreno Cerda, Francesc},
  año={2018},
  colegio={Universitat Polit{\`e}cnica de Catalunya}
}

@misc{de2012medidas,
  title={MEDIDAS ELECTRICAS II},
  author={DE SANTIAGO, DEL ESTERO},
  year={2012}
}

@misc{roldan2011autoria,
  title={Autoría y realización de actividades educativas en superficies multicontacto},
  author={Roldán álvarez, David and others},
  year={2011},
  publisher={Universidad Rey Juan Carlos}
}

@misc{cardenas2020integracion,
  title={Integraci{\'o}n de informaci{\'o}n de costos para la toma de decisiones en industrias de ensamblaje},
  author={C{\'a}rdenas Arias, Bibiana E and Guam{\'a}n Ochoa, Maritza M and Siguenza-Guzman, Lorena and Segarra, Lorena},
  journal={Revista Econom{\'\i}a y Pol{\'\i}tica},
  number={31},
  pages={134--156},
  year={2020},
  publisher={Universidad de Cuenca}
}